<?xml version='1.0' encoding='utf-8'?>
<record xmlns="http://www.loc.gov/MARC21/slim" xmlns:xsi="http://www.w3.org/2001/XMLSchema-instance">
  <leader>00000njcaa22^^^^^^a^4500</leader>
  <controlfield tag="001">012112684</controlfield>
  <controlfield tag="005">20121121150415.0</controlfield>
  <controlfield tag="007">sd^bumeuunuuuu</controlfield>
  <controlfield tag="008">041210uuuuuuuuumiusgn^^^^^^^^^^^^^^eng^d</controlfield>
  <datafield tag="040" ind1=" " ind2=" ">
    <subfield code="a">MiU-H</subfield>
    <subfield code="c">MiU-H</subfield>
  </datafield>
  <datafield tag="110" ind1="2" ind2=" ">
    <subfield code="a">Ann Arbor Psurf Board Riding and Mountain Climbing Society.</subfield>
  </datafield>
  <datafield tag="245" ind1="1" ind2="0">
    <subfield code="a">Psurfs</subfield>
    <subfield code="h">[sound recording] :</subfield>
    <subfield code="b">University of Michigan Law School, 1952-1953 /</subfield>
    <subfield code="c">Ann Arbor Psurf Board Riding and Mountain Climbing Society.</subfield>
  </datafield>
  <datafield tag="246" ind1="3" ind2=" ">
    <subfield code="a">Ann Arbor Psurf Board Riding and Mountain Climbing Society :</subfield>
    <subfield code="b">"Psurfs" : University of Michigan Law School, 1952-1953</subfield>
  </datafield>
  <datafield tag="260" ind1=" " ind2=" ">
    <subfield code="a">Ann Arbor, Mich. :</subfield>
    <subfield code="b">HiFi Recording Studios,</subfield>
    <subfield code="c">[n.d.]</subfield>
  </datafield>
  <datafield tag="300" ind1=" " ind2=" ">
    <subfield code="a">1 sound disc :</subfield>
    <subfield code="b">analog, 33 1/3 rpm ;</subfield>
    <subfield code="c">12 in.</subfield>
  </datafield>
  <datafield tag="545" ind1="1" ind2=" ">
    <subfield code="a">The Ann Arbor Surf-Board-Riding-Climbing Society, or Psurfs, was an organization of the University of Michigan law students who performed songs at various social events around campus. The P prefixing their name stood for "Pseudo."</subfield>
  </datafield>
  <datafield tag="520" ind1="2" ind2=" ">
    <subfield code="a">Recordings of songs performed by the Ann Arbor Surf-Board-Riding-Climbing Society, or Psurfs.</subfield>
  </datafield>
  <datafield tag="500" ind1=" " ind2=" ">
    <subfield code="a">Title from label.</subfield>
  </datafield>
  <datafield tag="500" ind1=" " ind2=" ">
    <subfield code="a">Recordings on one side.</subfield>
  </datafield>
  <datafield tag="500" ind1=" " ind2=" ">
    <subfield code="a">"1022"</subfield>
  </datafield>
  <datafield tag="505" ind1="1" ind2=" ">
    <subfield code="a">1. Aj luckä, mavourne'en, I wish I were -- 2. Bandolero, Kentucky babe -- 3. Jerusalem mornin' -- 4. The way you roll your eyes, shall I wasting, away to Rio -- 5. George Jones -- 6. Oh Joe, graceful and easy, see you some Tuesday.</subfield>
  </datafield>
  <datafield tag="590" ind1=" " ind2=" ">
    <subfield code="a">BHL: Library item lacks original jacket.</subfield>
  </datafield>
  <datafield tag="610" ind1="2" ind2="0">
    <subfield code="a">University of Michigan</subfield>
    <subfield code="x">Choral organizations</subfield>
    <subfield code="v">Songs and music.</subfield>
  </datafield>
  <datafield tag="650" ind1=" " ind2="0">
    <subfield code="a">Students' songs</subfield>
    <subfield code="z">Michigan</subfield>
    <subfield code="z">Ann Arbor.</subfield>
  </datafield>
  <datafield tag="610" ind1="2" ind2="0">
    <subfield code="a">University of Michigan.</subfield>
    <subfield code="b">Law School</subfield>
    <subfield code="v">Songs and music.</subfield>
  </datafield>
  <datafield tag="710" ind1="2" ind2=" ">
    <subfield code="a">Ann Arbor Psurf Board Riding and Mountain Climbing Society.</subfield>
  </datafield>
  <datafield tag="852" ind1="8" ind2=" ">
    <subfield code="a">MiU-H</subfield>
    <subfield code="b">BENT</subfield>
    <subfield code="h">2012173 Aa 2</subfield>
  </datafield>
  <datafield tag="997" ind1=" " ind2=" ">
    <subfield code="a">MARS</subfield>
  </datafield>
  <datafield tag="998" ind1=" " ind2=" ">
    <subfield code="c">OV</subfield>
  </datafield>
  <datafield tag="955" ind1=" " ind2=" ">
    <subfield code="b">BENT</subfield>
    <subfield code="p">B5868811</subfield>
  </datafield>
</record>
